@Book{lamport:86,
  author =    {Leslie Lamport},
  title =        {\LaTeX: A document preparation system},
  publisher =    {Addision-Wesley},
  year =         1986
}

@PhdThesis{prabhu:xx,
  author =       {Prabhu Ramachandran},
  title =        {\LaTeX\ class for dissertations submitted to {IIT-M}},
  school =       {Department of Aerospace Engineering, IIT-Madras},
  year =         2004,
  address =      {Chennai -- 600036},
  month =        {July}
}

@InProceedings{viz:mayavi,
  author =       {Prabhu Ramachandran},
  title =        {{MayaVi}: A free tool for {CFD} data visualization},
  booktitle =    {4th Annual CFD Symposium},
  year =         2001,
  month =        {August},
  organization = {Aeronautical Society of India},
  note =         {Software available at: {http://mayavi.sf.net}}
}

@Article{pan:pr:flat-fst,
  author =       {Prabhu Ramachandran and S. C. Rajan and M. Ramakrishna},
  title =        {A fast, two-dimensional panel method},
  journal =      {SIAM Journal on Scientific Computing},
  year =         2003,
  volume =       24,
  number =       6,
  pages =        {1864--1878}
}

@Misc{py:python,
  author =    {Guido van Rossum and others},
  title =     {The {Python} programming language},
  year =         {1991--},
  url = "http://www.python.org/"
}

@Article{pan:pr:sblc,
    author = {Aldo Pacchiano and Mohammad Ghavamzadeh and Peter Bartlett and Heinrich Jiang},
    title = {Stochastic Bandits with Linear Constraints},
    journal = {Proceedings of The 24th International Conference on Artificial Intelligence and Statistics, PMLR 130:2827-2835, 2021},
    year = 2020,
    month = {June},
    url = "https://arxiv.org/abs/2006.10185"
}

@Article{pan:pr:slb,
    author = {Yasin Abbasi-yadkori and Dávid Pál and Csaba Szepesvári},
    title = {Improved Algorithms for Linear Stochastic Bandits},
    journal = { Advances in Neural Information Processing Systems 24 (NIPS 2011)},
    year = 2010,
    url = "https://papers.nips.cc/paper/2011/hash/e1d5be1c7f2f456670de3d53c7b54f4a-Abstract.html"
}